<?xml version="1.0" encoding="UTF-8" ?>
<collection xmlns:xsi="http://www.w3.org/2001/XMLSchema-instance"
    xsi:schemaLocation="http://www.loc.gov/MARC21/slim
        http://www.loc.gov/standards/marcxml/schema/MARC21slim.xsd"
    xmlns="http://www.loc.gov/MARC21/slim">
<record>
  <leader>00317cam a2200637 i 4500</leader>
  <controlfield tag="001">b12761679</controlfield>
  <controlfield tag="003">LeBAU</controlfield>
  <controlfield tag="005">20170622</controlfield>
  <controlfield tag="008">971107q19351950ua a          001 0 ara d</controlfield>
  <datafield tag="035" ind1=" " ind2=" ">
    <subfield code="a">ocn784505897</subfield>
  </datafield>
  <datafield tag="040" ind1=" " ind2=" ">
    <subfield code="a">LEAUB</subfield>
    <subfield code="b">ara</subfield>
    <subfield code="e">rda</subfield>
    <subfield code="c">LEAUB</subfield>
    <subfield code="d">LEAUB</subfield>
  </datafield>
  <datafield tag="082" ind1="0" ind2="4">
    <subfield code="a">398.21</subfield>
    <subfield code="2">22</subfield>
  </datafield>
  <datafield tag="100" ind1="0" ind2=" ">
    <subfield code="6">880-01</subfield>
    <subfield code="a">Baydabā,</subfield>
    <subfield code="e">author.</subfield>
  </datafield>
  <datafield tag="245" ind1="1" ind2="0">
    <subfield code="6">880-02</subfield>
    <subfield code="a">Kalīlah wa-dimnah /</subfield>
    <subfield code="c">waḍa‘ahu Baydabā, kabīr ḥukamā’ al-Hind ; wa-naqalahu min al-Fahlawīyah ilá al-‘Arabīyah ‘Abd Allāh ibn al-Muqaffa‘ ; ‘uniya bi-ḍabṭihi wa-tashkīlihi kāmilan wa-tafsīr mushkilahu wa-waṣf mā fīhi min al-ḥayawān wa-al-ṭayr Muḥammad Ḥasan Nā’il al-Marṣafī, ṣāḥib Jarīdat al-Jadīd wa-Shahrazād wa-al-Musāmarāt.</subfield>
  </datafield>
  <datafield tag="250" ind1=" " ind2=" ">
    <subfield code="6">880-03</subfield>
    <subfield code="a">al-Ṭab‘ah al-khāmisah.</subfield>
  </datafield>
  <datafield tag="264" ind1=" " ind2="1">
    <subfield code="6">880-04</subfield>
    <subfield code="a">Miṣr :</subfield>
    <subfield code="b">al-Maktabah al-Tijārīyah al-Kubrá,</subfield>
    <subfield code="c">[between 1935 and 1950?]</subfield>
  </datafield>
  <datafield tag="300" ind1=" " ind2=" ">
    <subfield code="6">880-05</subfield>
    <subfield code="a">531 pages :</subfield>
    <subfield code="b">illustrations,</subfield>
    <subfield code="c">19 cm</subfield>
  </datafield>
  <datafield tag="336" ind1=" " ind2=" ">
    <subfield code="a">text</subfield>
    <subfield code="b">txt</subfield>
    <subfield code="2">rdacontent</subfield>
  </datafield>
  <datafield tag="336" ind1=" " ind2=" ">
    <subfield code="a">still image</subfield>
    <subfield code="b">sti</subfield>
    <subfield code="2">rdacontent </subfield>
  </datafield>
  <datafield tag="337" ind1=" " ind2=" ">
    <subfield code="a">unmediated</subfield>
    <subfield code="b">n</subfield>
    <subfield code="2">rdamedia</subfield>
  </datafield>
  <datafield tag="338" ind1=" " ind2=" ">
    <subfield code="a">volume</subfield>
    <subfield code="b">nc</subfield>
    <subfield code="2">rdacarrier</subfield>
  </datafield>
  <datafield tag="500" ind1=" " ind2=" ">
    <subfield code="a">يتضمن كشاف.</subfield>
  </datafield>
  <datafield tag="500" ind1=" " ind2=" ">
    <subfield code="a">"أكثر من مائة منظر مصور."</subfield>
  </datafield>
  <datafield tag="500" ind1=" " ind2=" ">
    <subfield code="a">"تم طبع المرة الرابعة سنة 1934 اول جمادى الثانية سنة 1353 هـ."</subfield>
  </datafield>
  <datafield tag="650" ind1=" " ind2="4">
    <subfield code="a">الخرافات الحيوانية</subfield>
    <subfield code="v">اعمال قديمة حتى 1800.</subfield>
  </datafield>
  <datafield tag="650" ind1=" " ind2="0">
    <subfield code="a">Fables</subfield>
    <subfield code="v">Early works to 1800.</subfield>
  </datafield>
  <datafield tag="700" ind1="0" ind2=" ">
    <subfield code="6">880-06</subfield>
    <subfield code="a">Ibn al-Muqaffaʻ,</subfield>
    <subfield code="d">-approximately 760,</subfield>
    <subfield code="e">translator.</subfield>
  </datafield>
  <datafield tag="700" ind1="1" ind2=" ">
    <subfield code="6">880-07</subfield>
    <subfield code="a">Marṣafī, Muḥammad Ḥasan Nāʼil,</subfield>
    <subfield code="e">compiler.</subfield>
  </datafield>
  <datafield tag="775" ind1="0" ind2=" ">
    <subfield code="6">880-08</subfield>
    <subfield code="t">Kitāb Kalīlah wa-dimnah</subfield>
    <subfield code="d">Bayrūt : Dār Ṣa‘b, 1980</subfield>
    <subfield code="w">b17559364</subfield>
  </datafield>
  <datafield tag="775" ind1="0" ind2=" ">
    <subfield code="6">880-09</subfield>
    <subfield code="t">Kalīlah wa-dimnah</subfield>
    <subfield code="d">Bayrūt : al-Sharikah al-Lubnānīyah lil-Kitāb, 1969</subfield>
    <subfield code="w">(OCoLC)784333493</subfield>
    <subfield code="w">(OCoLC)784333493</subfield>
  </datafield>
  <datafield tag="775" ind1="0" ind2=" ">
    <subfield code="6">880-10</subfield>
    <subfield code="t">Kalīlah wa-dimnah</subfield>
    <subfield code="d">Bayrūt : Maktabat Ṣādir, 1933</subfield>
    <subfield code="w">(OCoLC)784333514</subfield>
    <subfield code="w">(OCoLC)784333514</subfield>
  </datafield>
  <datafield tag="775" ind1="0" ind2=" ">
    <subfield code="6">880-11</subfield>
    <subfield code="t">Kalīlah wa-dimnah</subfield>
    <subfield code="d">Bayrūt : al-Maṭba‘ah al-‘Ilmīyah, 1896</subfield>
    <subfield code="w">(OCoLC)784555632</subfield>
    <subfield code="w">(OCoLC)784555632</subfield>
  </datafield>
  <datafield tag="775" ind1="0" ind2=" ">
    <subfield code="6">880-12</subfield>
    <subfield code="t">Aqdam nuskhah makhṭūṭah mu’arrakhah li-kitāb Kalīlah wa-Dimnah</subfield>
    <subfield code="d">Bayrūt : Maṭba‘at al-Ābā’ al-Yasū‘īyīn, 1923</subfield>
    <subfield code="w">(OCoLC)784549125</subfield>
    <subfield code="w">(OCoLC)784549125</subfield>
  </datafield>
  <datafield tag="775" ind1="0" ind2=" ">
    <subfield code="6">880-13</subfield>
    <subfield code="t">Kitāb Kalīlah wa-dimnah</subfield>
    <subfield code="d">Miṣr : Maṭba‘at al-Ma‘ārif wa-Maktabatuhā, 1941</subfield>
    <subfield code="w">(OCoLC)784505902</subfield>
    <subfield code="w">(OCoLC)784505902 </subfield>
  </datafield>
  <datafield tag="775" ind1="0" ind2=" ">
    <subfield code="6">880-14</subfield>
    <subfield code="t">Kitāb Kalīlah wa-dimnah</subfield>
    <subfield code="d">Bayt al-Dīn : Maṭba‘at Mulḥim Najjār al-Lubnānīyah, 1868</subfield>
    <subfield code="w">(OCoLC)936117240</subfield>
    <subfield code="w">(OCoLC)936117240</subfield>
  </datafield>
  <datafield tag="775" ind1="0" ind2=" ">
    <subfield code="6">880-15</subfield>
    <subfield code="t">Kitāb Kalīlah wa-dimnah.</subfield>
    <subfield code="b">Bayrūt : Dār al-Andalus, 1382 H. = 1963 M.</subfield>
    <subfield code="d">بيروت : دار الأندلس، 1382 هـ. = 1963 م.</subfield>
    <subfield code="w">(OCoLC)</subfield>
    <subfield code="w">(OCoLC)</subfield>
  </datafield>
  <datafield tag="852" ind1=" " ind2=" ">
    <subfield code="a">Jafet Archives and Special Collections</subfield>
    <subfield code="e">American University of Beirut, Bliss Street , Beirut, Lebanon.</subfield>
  </datafield>
  <datafield tag="880" ind1="0" ind2=" ">
    <subfield code="6">100-01/(3/r</subfield>
    <subfield code="a">بيدبا،</subfield>
    <subfield code="e">مؤلف. </subfield>
    <subfield code="4">aut.</subfield>
  </datafield>
  <datafield tag="880" ind1="1" ind2="0">
    <subfield code="6">245-02/(3/r</subfield>
    <subfield code="a">كليلة ودمنة /</subfield>
    <subfield code="c">وضعه بيدبا، كبير حكماء الهند ؛ ونقله من الفهلوية الى العربية عبد الله بن المقفع ؛ عني بضبطه وتشكيله شكلاً كاملاً وتفسير مشكله ووصف ما فيه من الحيوان والطير محمد حسن نائل المرصفي، صاحب جريدة الجديد وشهرزاد والمسامرات.</subfield>
  </datafield>
  <datafield tag="880" ind1=" " ind2=" ">
    <subfield code="6">250-03/(3/r</subfield>
    <subfield code="a">الطبعة الخامسة.</subfield>
  </datafield>
  <datafield tag="880" ind1=" " ind2="1">
    <subfield code="6">264-04/(3/r</subfield>
    <subfield code="a">مصر :</subfield>
    <subfield code="b">المكتبة التجارية الكبرى،</subfield>
    <subfield code="c">[ما بين 1935 و 1950؟]</subfield>
  </datafield>
  <datafield tag="880" ind1=" " ind2=" ">
    <subfield code="6">300-05/(3/r</subfield>
    <subfield code="a">431 صفحة :</subfield>
    <subfield code="b">مصورات ؛</subfield>
    <subfield code="c">19 سم</subfield>
  </datafield>
  <datafield tag="880" ind1="0" ind2=" ">
    <subfield code="6">700-06/(3/r</subfield>
    <subfield code="a">ابن المقفع،</subfield>
    <subfield code="d">-حوالي 760،</subfield>
    <subfield code="e">مترجم. </subfield>
    <subfield code="4">trl.</subfield>
  </datafield>
  <datafield tag="880" ind1="1" ind2=" ">
    <subfield code="6">700-07/(3/r</subfield>
    <subfield code="a">المرصفي، محمد حسن نائل،</subfield>
    <subfield code="e">معد. </subfield>
    <subfield code="4">com.</subfield>
  </datafield>
  <datafield tag="880" ind1="0" ind2=" ">
    <subfield code="6">775-08/(3/r</subfield>
    <subfield code="t">كتاب كليلة ودمنة</subfield>
    <subfield code="d">بيروت : دار صعب، 1980</subfield>
    <subfield code="w">b17559364</subfield>
  </datafield>
  <datafield tag="880" ind1="0" ind2=" ">
    <subfield code="6">775-09/(3/r</subfield>
    <subfield code="t">كليلة ودمنة</subfield>
    <subfield code="d">بيروت : الشركة اللبنانية للكتاب، 1969</subfield>
    <subfield code="w">b12473844</subfield>
    <subfield code="w">(OCoLC)784333493</subfield>
  </datafield>
  <datafield tag="880" ind1="0" ind2=" ">
    <subfield code="6">775-10/(3/r</subfield>
    <subfield code="t">كليلة ودمنة</subfield>
    <subfield code="d">بيروت : مكتبة صادر، 1933</subfield>
    <subfield code="w">b12473947</subfield>
    <subfield code="w">(OCoLC)784333514</subfield>
  </datafield>
  <datafield tag="880" ind1="0" ind2=" ">
    <subfield code="6">775-11/(3/r</subfield>
    <subfield code="t">كليلة ودمنة</subfield>
    <subfield code="d">بيروت : المطبعة العلمية، 1896</subfield>
    <subfield code="w">b13514696</subfield>
    <subfield code="w">(OCoLC)784555632</subfield>
  </datafield>
  <datafield tag="880" ind1="0" ind2=" ">
    <subfield code="6">775-12/(3/r</subfield>
    <subfield code="t">أقدم نسخة مخطوطة مؤرخة لكتاب كليلة ودمنة</subfield>
    <subfield code="d">بيروت : مطبعة الآباء اليسوعيين، 1923 </subfield>
    <subfield code="w">b13348838</subfield>
    <subfield code="w">(OCoLC)784549125</subfield>
  </datafield>
  <datafield tag="880" ind1="0" ind2=" ">
    <subfield code="6">775-13/(3/r</subfield>
    <subfield code="t">كتاب كليلة ودمنة</subfield>
    <subfield code="d">مصر : مطبعة المعارف ومكتبتها، 1941</subfield>
    <subfield code="w">b12761692</subfield>
    <subfield code="w">(OCoLC)784505902</subfield>
  </datafield>
  <datafield tag="880" ind1="0" ind2=" ">
    <subfield code="6">775-14/(3/r</subfield>
    <subfield code="t">كتاب كليلة ودمنة</subfield>
    <subfield code="d">بيت الدين : مطبعة ملحم نجار اللبنانية، 1868</subfield>
    <subfield code="w">b17665589</subfield>
    <subfield code="w">(OCoLC)936117240</subfield>
  </datafield>
  <datafield tag="880" ind1="0" ind2=" ">
    <subfield code="6">775-15/(3/r</subfield>
    <subfield code="t">كتاب كليلة ودمنة.</subfield>
    <subfield code="b">الطبعة الأولى</subfield>
    <subfield code="w">b18374797</subfield>
    <subfield code="w">(OCoLC)</subfield>
  </datafield>
  <datafield tag="907" ind1=" " ind2=" ">
    <subfield code="a">.b12761679</subfield>
    <subfield code="b">17-07-12</subfield>
    <subfield code="c">11-05-24</subfield>
  </datafield>
  <datafield tag="907" ind1=" " ind2=" ">
    <subfield code="a">.b12761679</subfield>
    <subfield code="b">15-10-15</subfield>
    <subfield code="c">11-05-24</subfield>
  </datafield>
  <datafield tag="945" ind1=" " ind2=" ">
    <subfield code="f">CA</subfield>
    <subfield code="a">398.21:K144kLhA:c.1</subfield>
    <subfield code="i">01064512</subfield>
    <subfield code="j">.i13336794</subfield>
    <subfield code="l">u0304</subfield>
  </datafield>
  <datafield tag="998" ind1=" " ind2=" ">
    <subfield code="a">u03</subfield>
    <subfield code="b">97-11-07</subfield>
    <subfield code="c">m</subfield>
    <subfield code="d">a</subfield>
    <subfield code="e">-</subfield>
    <subfield code="f">ara</subfield>
    <subfield code="g">ua </subfield>
    <subfield code="h">0</subfield>
    <subfield code="i">1</subfield>
  </datafield>
</record>
</collection>
